@online{AWS_Lumberyard_view,
   title    =  "Lumberyard + Amazon GameLift + Twitch for Games on AWS",
   url = {https://aws.amazon.com/blogs/aws/lumberyard-amazon-gamelift-twitch-for-games-on-aws/},
   urldate  =  "2025-05-07",
}

@online{AWS_Lumberyard_logo,
   title    =  "Amazon Lumberyard",
   url = {https://en.wikipedia.org/wiki/Amazon_Lumberyard},
   urldate  =  "2025-05-07",
}

@online{GUARDIAN_AWS_ZOMBIE,
   title    =  "Amazon updates its terms of service to cover the zombie apocalypse",
   url = {https://www.theguardian.com/technology/2016/feb/11/amazon-terms-of-service-zombie-apocalypse},
   urldate  =  "2025-05-07",
}

@online{Soul_EULA,
   title    =  "Gamestation collects customers' souls in April Fools gag",
   url = {https://web.archive.org/web/20100418223346/http://blogs.telegraph.co.uk/technology/shanerichmond/100004946/gamestation-collects-customers-souls-in-april-fools-gag/},
   urldate  =  "2025-05-07",
}

@online{EMPTY,
   title    =  "AAA",
   url = {QQQ},
   urldate  =  "DDD",
}